<?xml version="1.0" encoding="UTF-8"?>
<SOAP-ENV:Envelope xmlns:SOAP-ENV="http://schemas.xmlsoap.org/soap/envelope/" xmlns:mx="http://www.loc.gov/MARC21/slim" xmlns:of="http://oss.dbc.dk/ns/openformat"><SOAP-ENV:Body><of:formatResponse><marc21><mx:record format="MARC21" type="Bibliographic"><mx:leader>00000nam a22000004c 4500</mx:leader><mx:controlfield tag="001">42</mx:controlfield><mx:controlfield tag="008">000000r20112001xx ||||       00||| dan|d</mx:controlfield><mx:datafield ind1=" " ind2=" " tag="020"><mx:subfield code="a">9788777248573</mx:subfield></mx:datafield><mx:datafield ind1=" " ind2=" " tag="020"><mx:subfield code="a">8777248570</mx:subfield></mx:datafield><mx:datafield ind1="1" ind2=" " tag="029"><mx:subfield code="a">DKDLA</mx:subfield><mx:subfield code="b">820050-katalog:001682147</mx:subfield></mx:datafield><mx:datafield ind1=" " ind2=" " tag="040"><mx:subfield code="a">DKDLA</mx:subfield><mx:subfield code="b">dan</mx:subfield><mx:subfield code="c">DKDLA</mx:subfield><mx:subfield code="e">kbsdb</mx:subfield></mx:datafield><mx:datafield ind1="1" ind2=" " tag="041"><mx:subfield code="a">dan</mx:subfield><mx:subfield code="h">jpn</mx:subfield></mx:datafield><mx:datafield ind1=" " ind2=" " tag="049"><mx:subfield code="a">DK-190101</mx:subfield><mx:subfield code="a">DK-820010</mx:subfield></mx:datafield><mx:datafield ind1=" " ind2=" " tag="084"><mx:subfield code="a">82/89(520)</mx:subfield><mx:subfield code="2">z</mx:subfield></mx:datafield><mx:datafield ind1=" " ind2=" " tag="084"><mx:subfield code="a">88.869</mx:subfield><mx:subfield code="2">z</mx:subfield></mx:datafield><mx:datafield ind1="1" ind2=" " tag="100"><mx:subfield code="a">Murakami, Haruki</mx:subfield></mx:datafield><mx:datafield ind1="1" ind2="0" tag="245"><mx:subfield code="a">Trækopfuglens krønike /</mx:subfield><mx:subfield code="c">Haruki Murakami ; oversat af Mette Holm</mx:subfield></mx:datafield><mx:datafield ind1=" " ind2=" " tag="250"><mx:subfield code="a">7. opl.</mx:subfield></mx:datafield><mx:datafield ind1=" " ind2=" " tag="260"><mx:subfield code="a">Århus :</mx:subfield><mx:subfield code="b">Klim,</mx:subfield><mx:subfield code="c">2011</mx:subfield></mx:datafield><mx:datafield ind1=" " ind2=" " tag="300"><mx:subfield code="a">635 sider</mx:subfield></mx:datafield><mx:datafield ind1=" " ind2=" " tag="500"><mx:subfield code="a">Originaltitel: Nejimaki-dori kuronikure</mx:subfield></mx:datafield><mx:datafield ind1="0" ind2=" " tag="505"><mx:subfield code="a">Først forsvinder Toru Okadas kat, dernæst hans kone Kumiko. Hans søgen efter begge bliver en mystisk, magisk rejse i det japanske samfund og sindets afkroge</mx:subfield></mx:datafield></mx:record><hs activity="insert">DKDLA</hs><hs activity="insert">EDA</hs></marc21></of:formatResponse></SOAP-ENV:Body></SOAP-ENV:Envelope>
